@misc{staff_2018, title={Why are neuron axons long and spindly? Study shows they're optimizing signaling efficiency}, howpublished="\url{https://medicalxpress.com/news/2018-07-neuron-axons-spindly-theyre-optimizing.html}", author={staff, Science X}, year={2018}, month={Jul}}

@misc{cs231n, title={CS231n Convolutional Neural Networks for Visual Recognition},  howpublished="\url{http://cs231n.github.io/convolutional-networks}", journal={CS231n Convolutional Neural Networks for Visual Recognition}}

@misc{britz_2016, title={Understanding Convolutional Neural Networks for {NLP}}, url={http://www.wildml.com/2015/11/understanding-convolutional-neural-networks-for-nlp/}, journal={WildML}, author={Britz, Denny}, year={2016}, month={Jan}}

@article{rumelhart_hinton_williams_1986, title={Learning representations by back-propagating errors}, volume={323}, DOI={10.1038/323533a0}, number={6088}, journal={Nature}, author={Rumelhart, David E. and Hinton, Geoffrey E. and Williams, Ronald J.}, year={1986}, pages={533–536}}

@article{he_zhang_ren_sun_2016, title={Deep Residual Learning for Image Recognition}, DOI={10.1109/cvpr.2016.90}, journal={2016 
IEEE Conference on Computer Vision and Pattern Recognition (CVPR)}, author={He, Kaiming and Zhang, Xiangyu and Ren, Shaoqing and Sun, Jian}, year={2016}}


@article{redmon_divvala_girshick_farhadi_2016, title={You Only Look Once: Unified, Real-Time Object Detection}, DOI={10.1109/cvpr.2016.91}, journal={2016 IEEE Conference on Computer Vision and Pattern Recognition (CVPR)}, author={Redmon, Joseph and Divvala, Santosh and Girshick, Ross and Farhadi, Ali}, year={2016}}


@article{redmon_farhadi_2017, title={YOLO9000: Better, Faster, Stronger}, DOI={10.1109/cvpr.2017.690}, journal={2017 IEEE Conference on Computer Vision and Pattern Recognition (CVPR)}, author={Redmon, Joseph and Farhadi, Ali}, year={2017}}


@article{Redmon2018YOLOv3AI,
  title={YOLOv3: An Incremental Improvement},
  author={Joseph Redmon and Ali Farhadi},
  journal={CoRR},
  year={2018},
  volume={abs/1804.02767}
}

@article{lin_dollar_girshick_he_hariharan_belongie_2017, title={Feature Pyramid Networks for Object Detection}, DOI={10.1109/cvpr.2017.106}, journal={2017 IEEE Conference on Computer Vision and Pattern Recognition (CVPR)}, author={Lin, Tsung-Yi and Dollar, Piotr and Girshick, Ross and He, Kaiming and Hariharan, Bharath and Belongie, Serge}, year={2017}}

 @article{lin_goyal_girshick_he_dollar_2017, title={Focal Loss for Dense Object Detection}, DOI={10.1109/iccv.2017.324}, journal={2017 IEEE International Conference on Computer Vision (ICCV)}, author={Lin, Tsung-Yi and Goyal, Priya and Girshick, Ross and He, Kaiming and Dollar, Piotr}, year={2017}} 

@article{yi_hao_qin_li_2015, title={Fog Computing: Platform and Applications}, DOI={10.1109/hotweb.2015.22}, journal={2015 Third IEEE Workshop on Hot Topics in Web Systems and Technologies (HotWeb)}, author={Yi, Shanhe and Hao, Zijiang and Qin, Zhengrui and Li, Qun}, year={2015}}

@article{yazici_basurra_gaber_2018, title={Edge Machine Learning: Enabling Smart Internet of Things Applications}, volume={2}, DOI={10.3390/bdcc2030026}, number={3}, journal={Big Data and Cognitive Computing}, author={Yazici, Mahmut and Basurra, Shadi and Gaber, Mohamed}, year={2018}, pages={26}} 

@phdthesis{ostby_2018, title={Object Detection and Tracking on a Raspberry Pi using Background Subtraction and Convolutional Neural Networks}, author={Ostby, Torbjorn Grande}, year={2018}} 

@article{shi_cao_zhang_li_xu_2016, title={Edge Computing: Vision and Challenges}, volume={3}, DOI={10.1109/jiot.2016.2579198}, number={5}, journal={IEEE Internet of Things Journal}, author={Shi, Weisong and Cao, Jie and Zhang, Quan and Li, Youhuizi and Xu, Lanyu}, year={2016}, pages={637–646}} 

@article{liu_zeng_jiang_2017, title={A video-based real-time adaptive vehicle-counting system for urban roads}, volume={12}, DOI={10.1371/journal.pone.0186098}, number={11}, journal={Plos One}, author={Liu, Fei and Zeng, Zhiyuan and Jiang, Rong}, year={2017}} 

@misc{windmillsoftware2018, title={Vehicle Sensing: overview of techologies used to count vehicles.}, howpublished="\url{https://www.windmill.co.uk/vehicle-sensing.html}", journal={Windmill Software}, year={2018}, month={Mar}} 

@misc{point, title={Pneumatic Tube Detector}, howpublished="\url{https://nptel.ac.in/courses/105101008/525_AutoLoop/point2/point.html}", journal={point}} 

@article{zheng_mike_2012, title={An Investigation on the Manual Traffic Count Accuracy}, volume={43}, DOI={10.1016/j.sbspro.2012.04.095}, journal={Procedia - Social and Behavioral Sciences}, author={Zheng, Pengjun and Mike, Mcdonad}, year={2012}, pages={226–231}} 

@misc{arcgis, title={Esri Demographics}, howpublished="\url{https://doc.arcgis.com/en/esri-demographics/data/traffic-counts.htm}", journal={ArcGIS}} 

@misc{traffic_counts, title={Traffic Count Program}, howpublished="\url{http://www.cuppad.org/what-we-do/transportation-planning/traffic-counts/}", journal={Traffic Counts}} 

 @article{sushma_nagaraj, title={ Edge-based street object detection}, journal={ 2017 IEEE SmartWorld, Ubiquitous Intelligence \& Computing, Advanced \& Trusted Computed, Scalable Computing \& Communications, Cloud \& Big Data Computing, Internet of People and Smart City Innovation}, author={Sushma Nagaraj and Bhushan Muthiyan and Swetha Ravi and Virginia Menezes and Kalki Kapoor and Hyeran Jeon}, year={2018}, month={Jun}} 

